@article{galceran2013survey,
  title={A survey on coverage path planning for robotics},
  author={Galceran, Enric and Carreras, Marc},
  journal={Robotics and Autonomous Systems},
  volume={61},
  number={12},
  pages={1258--1276},
  year={2013},
  publisher={Elsevier}
}

@article{choset2000coverage,
  title={Coverage of known spaces: The boustrophedon cellular decomposition},
  author={Choset, Howie},
  journal={Autonomous Robots},
  volume={9},
  number={3},
  pages={247--253},
  year={2000},
  publisher={Springer}
}

@article{barrientos2011aerial,
  title={Aerial remote sensing in agriculture: A practical approach to area coverage and path planning for fleets of mini aerial robots},
  author={Barrientos, Antonio and Colorado, Julian and Cerro, Jaime del and Martinez, Alexander and Rossi, Claudio and Sanz, David and Valente, Jo{\~a}o},
  journal={Journal of Field Robotics},
  volume={28},
  number={5},
  pages={667--689},
  year={2011},
  publisher={Wiley Online Library}
}

@article{durham2012discrete,
  title={Discrete partitioning and coverage control for gossiping robots},
  author={Durham, Joseph W and Carli, Ruggero and Frasca, Paolo and Bullo, Francesco},
  journal={IEEE Transactions on Robotics},
  volume={28},
  number={2},
  pages={364--378},
  year={2012},
  publisher={IEEE}
}

@incollection{maza2007multiple,
  title={Multiple UAV cooperative searching operation using polygon area decomposition and efficient coverage algorithms},
  author={Maza, Ivan and Ollero, Anibal},
  booktitle={Distributed Autonomous Robotic Systems 6},
  pages={221--230},
  year={2007},
  publisher={Springer}
}

@article{hert1998polygon,
  title={Polygon area decomposition for multiple-robot workspace division},
  author={Hert, Susan and Lumelsky, Vladimir},
  journal={International Journal of Computational Geometry \& Applications},
  volume={8},
  number={04},
  pages={437--466},
  year={1998},
  publisher={World Scientific}
}

@article{arkin2000approximation,
  title={Approximation algorithms for lawn mowing and milling},
  author={Arkin, Esther M and Fekete, S{\'a}ndor P and Mitchell, Joseph SB},
  journal={Computational Geometry},
  volume={17},
  number={1},
  pages={25--50},
  year={2000},
  publisher={Elsevier}
}

@article{xu2014efficient,
  title={Efficient complete coverage of a known arbitrary environment with applications to aerial operations},
  author={Xu, Anqi and Viriyasuthee, Chatavut and Rekleitis, Ioannis},
  journal={Autonomous Robots},
  volume={36},
  number={4},
  pages={365--381},
  year={2014},
  publisher={Springer}
}

@inproceedings{frew2004vision,
  title={Vision-based road-following using a small autonomous aircraft},
  author={Frew, Eric and McGee, Tim and Kim, ZuWhan and Xiao, Xiao and Jackson, Stephen and Morimoto, Michael and Rathinam, Sivakumar and Padial, Jose and Sengupta, Raja},
  booktitle={IEEE Aerospace Conference},
  volume={5},
  pages={3006--3015},
  year={2004},
}

@inproceedings{wagner2001approximation,
  title={Approximation algorithms for the minimum bends traveling salesman problem},
  author={Wagner, David P and others},
  booktitle={International Conference on Integer Programming and Combinatorial Optimization},
  pages={406--421},
  year={2001},
  organization={Springer}
}

@article{collins2004covering,
  title={Covering a set of points with a minimum number of turns},
  author={Collins, Michael J},
  journal={International Journal of Computational Geometry \& Applications},
  volume={14},
  number={01n02},
  pages={105--114},
  year={2004},
  publisher={World Scientific}
}

@article{bereg2009traversing,
  title={Traversing a set of points with a minimum number of turns},
  author={Bereg, Sergey and Bose, Prosenjit and Dumitrescu, Adrian and Hurtado, Ferran and Valtr, Pavel},
  journal={Discrete \& Computational Geometry},
  volume={41},
  number={4},
  pages={513--532},
  year={2009},
  publisher={Springer}
}

@article{bochkarevminimizing,
  title={On Minimizing Turns in Robot Coverage Path Planning},
  author={Bochkarev, Stanislav and Smith, Stephen L}
}

@inproceedings{Huang2001optimal,
  title={Optimal line-sweep-based decompositions for coverage algorithms},
  author={Huang, Wesley H},
  booktitle={IEEE International Conference on Robotics and Automation},
  volume={1},
  pages={27--32},
  year={2001},
}